@book{felsenstein2004inferring,
  title={Inferring phylogenies},
  author={Felsenstein, Joseph},
  volume={2},
  year={2004},
  publisher={Sinauer Associates Sunderland}
}
