@article{Felsenstein:1978vh,
  author = {Felsenstein, Joseph},
  title = {The number of evolutionary trees},
  journal = {Systematic Zoology},
  year = {1978},
  volume = {27},
  number = {1},
  pages = {27--33},
  doi = {10.2307/2412810}
}

@book{felsenstein2004inferring,
  title={Inferring phylogenies},
  author={Felsenstein, Joseph},
  volume={2},
  year={2004},
  publisher={Sinauer Associates Sunderland}
}

@article{allen2001subtree,
  title={Subtree transfer operations and their induced metrics on evolutionary trees},
  author={Allen, Benjamin L and Steel, Mike},
  journal={Annals of combinatorics},
  volume={5},
  number={1},
  pages={1--15},
  year={2001},
  publisher={Springer},
  doi={10.1007/s00026-001-8006-8}
}

@article{bordewich2005computational,
  title={On the computational complexity of the rooted subtree prune and regraft distance},
  author={Bordewich, Magnus and Semple, Charles},
  journal={Annals of combinatorics},
  volume={8},
  number={4},
  pages={409--423},
  year={2005},
  publisher={Springer},
  doi={10.1007/s00026-004-0229-z}
}

@article{kuhner2015treComparison,
  title={Practical performance of tree comparison metrics},
  author={Kuhner, Mary K and Yamato, Jon},
  journal={Systematic biology},
  volume={64},
  number={2},
  pages={205--214},
  year={2015},
  publisher={Oxford University Press},
  doi={10.1093/sysbio/syu085}
}

@article{mcfadden1995something,
  title={Something borrowed, something green: lateral transfer of chloroplasts by secondary endosymbiosis},
  author={McFadden, Geoff and Gilson, Paul},
  journal={Trends in ecology \& evolution},
  volume={10},
  number={1},
  pages={12--17},
  year={1995},
  publisher={Elsevier},
  doi={10.1016/S0169-5347(00)88954-5}
}

@article{goloboff1993character,
  title={Character optimization and calculation of tree lengths},
  author={Goloboff, Pablo A},
  journal={Cladistics},
  volume={9},
  number={4},
  pages={433--436},
  year={1993},
  publisher={Wiley Online Library},
  doi={10.1111/j.1096-0031.1993.tb00236.x}
}

@article{goloboff2014bias,
  title={Bias in Tree Searches and its Consequences for Measuring Group Supports},
  author={Goloboff, Pablo A and Simmons, Mark P},
  journal={Systematic biology},
  volume={63},
  number={6},
  pages={851--861},
  year={2014},
  publisher={Oxford University Press},
  doi={10.1093/sysbio/syu051}
}

@article{lakner2008efficiency,
  title={Efficiency of Markov chain Monte Carlo tree proposals in Bayesian phylogenetics},
  author={Lakner, Clemens and Van Der Mark, Paul and Huelsenbeck, John P and Larget, Bret and Ronquist, Fredrik},
  journal={Systematic biology},
  volume={57},
  number={1},
  pages={86--103},
  year={2008},
  publisher={Oxford University Press},
  doi={10.1080/10635150801886156}
}

@article{morrison2007increasing,
  title={Increasing the efficiency of searches for the maximum likelihood tree in a phylogenetic analysis of up to 150 nucleotide sequences},
  author={Morrison, David A},
  journal={Systematic Biology},
  volume={56},
  number={6},
  pages={988--1010},
  year={2007},
  publisher={Oxford University Press},
  doi={10.1080/10635150701779808}
}

@book{wiley2011phylogenetics,
  title={Phylogenetics: theory and practice of phylogenetic systematics},
  author={Wiley, Edward Orlando and Lieberman, Bruce S},
  year={2011},
  publisher={John Wiley \& Sons}
}

@article{swofford2003phylogeny,
  title={Phylogeny inference based on parsimony and other methods using PAUP*},
  author={Swofford, David L and Sullivan, Jack},
  journal={The Phylogenetic Handbook: A Practical Approach to DNA and Protein Phylogeny, c{\'a}p},
  volume={7},
  pages={160--206},
  year={2003}
}

@article{john2016review,
  title={Review paper: The shape of phylogenetic treespace},
  author={St John, Katherine},
  journal={Systematic Biology},
  volume={66},
  number={1},
  pages={e83-e94},
  year={2017},
  doi={10.1093/sysbio/syw025},
  publisher={JSTOR}
}